% This file was created with JabRef 2.10.
% Encoding: UTF8


@Book{wind_tunnels_nasa,
  Title                    = {{Wind Tunnels of NASA}},
  Author                   = {Baals, D. D. and Corliss, W. R.},
  Publisher                = {Scientific and Technical Information Branch, National Aeronautics and Space Administration},
  Year                     = {1981},
  Series                   = {NASA SP},

  Owner                    = {alber},
  Timestamp                = {2018.06.18}
}

@Conference{benad,
  Title                    = {{The Flying V - A new aircraft configuration for commercial passenger transport}},
  Author                   = {J. Benad},
  Booktitle                = {Deutscher Luft-und Raumfahrtkongress},
  Year                     = {2015},

  Owner                    = {alber},
  Timestamp                = {2018.06.30}
}

@TechReport{horten_aircraft,
  Title                    = {{Horten's Tailless Aircraft}},
  Author                   = {Biot M. A. and Jayne, ?.},
  Institution              = {U.S. Naval Technical Missions in Europe},
  Year                     = {1945},
  Number                   = {76},
  Type                     = {Technical Report},

  Owner                    = {alber},
  Timestamp                = {2018.07.01}
}

@Article{fw_problems,
  Title                    = {{Flying Wing - problems and decisions}},
  Author                   = {A. L. Bolsunovsky and N. P. Buzoverya and B. I. Gurevich and V. E. Denisov and A. I. Dunaevsky and L. M. Shkadov and O. V. Sonin and A. J. Udzhuhu and J. P. Zhurihin},
  Journal                  = {Aircraft Design},
  Year                     = {2001},

  Month                    = {December},
  Number                   = {4},
  Pages                    = {193-219},
  Volume                   = {4},

  Owner                    = {alber},
  Timestamp                = {2018.07.01}
}

@Article{buckingham,
  Title                    = {{On Physically Similar Systems; Illustrations of the Use of Dimensional Equations}},
  Author                   = {Buckingham, E.},
  Journal                  = {Phys. Rev.},
  Year                     = {1914},

  Month                    = {Oct},
  Pages                    = {345--376},
  Volume                   = {4},

  Publisher                = {American Physical Society}
}

@PhdThesis{devisser,
  Title                    = {{Global Nonlinear Model Identification with Multivariate Splines - Application to Aerodynamic Model Identification of the Cessna Citation II}},
  Author                   = {{C. C. de Visser}},
  School                   = {Delft University of Technology},
  Year                     = {2011},

  Owner                    = {alber},
  Timestamp                = {2018.06.17}
}

@Book{chatterjee,
  Title                    = {{Sensitivity Analysis in Linear Regression}},
  Author                   = {Chatterjee, Samprit},
  Publisher                = {John Wiley \& Sons, Inc.},
  Year                     = {1988},

  Address                  = {New York, NY, USA},

  ISBN                     = {0-47-182216-7}
}

@Article{LS_errors_cheng,
  Title                    = {{Polynomial Regression With Errors in the Variables}},
  Author                   = {Chi-Lun Cheng and Hans Schneeweiss},
  Journal                  = {Journal of the Royal Statistical Society. Series B (Statistical Methodology)},
  Year                     = {1998},
  Number                   = {1},
  Pages                    = {189-199},
  Volume                   = {60},

  Owner                    = {alber},
  Timestamp                = {2018.10.01}
}

@Conference{chu_comparison,
  Title                    = {{Decomposition of Aircraft State and Parameter Estimation Problems}},
  Author                   = {Q. P. Chu and J. A. Mulder and J. K. Sridhar},
  Booktitle                = {IFAC Symposium on System Identification},
  Year                     = {1994},
  Month                    = {July},
  Number                   = {8},
  Pages                    = {1025-1030},
  Volume                   = {27},

  Journal                  = {IFAC System Identification},
  Owner                    = {alber},
  Timestamp                = {2018.09.27}
}

@Book{einstein,
  Title                    = {{The Principle of Relativity}},
  Author                   = {A. Einstein and H. Minkowski},
  Publisher                = {University of Calcutta},
  Year                     = {1920},
  Note                     = {(Translated by M.N. Saha and S.N. Bose)},

  Owner                    = {alber},
  Timestamp                = {2018.09.24}
}

@Conference{faggiano,
  Title                    = {{Aerodynamic Design of a Flying V Aircraft}},
  Author                   = {Francesco Faggiano and Roelof Vos and Max Baan and Reinier van Dijk},
  Booktitle                = {AIAA Aviation Technology, Integration, and Operations Conference},
  Year                     = {2017},
  Month                    = {June},
  Number                   = {17},
  Publisher                = {{American Institute of Aeronautics and Astronautics}},

  Journal                  = {American Institute of Aeronautics and Astronautics},
  Owner                    = {alber},
  Timestamp                = {2018.06.30}
}

@Book{tierno,
  Title                    = {{Mecánica del Vuelo}},
  Author                   = {Gómez-Tierno, M. A. and Manuel Pérez-Cortés and César Puentes-Márquez},
  Publisher                = {Garceta Grupo Editorial},
  Year                     = {2012},
  Edition                  = {Second},

  Owner                    = {alber},
  Timestamp                = {2018.10.14}
}

@Article{hamel,
  Title                    = {{Evolution of Flight Vehicle System Identification}},
  Author                   = {Peter G. Hamel and Ravindra V. Jategaonkar},
  Journal                  = {Journal of Aircraft},
  Year                     = {1996},

  Month                    = {Jan-Feb},
  Number                   = {1},
  Pages                    = {9-28},
  Volume                   = {33},

  Owner                    = {alber},
  Timestamp                = {2018.09.25}
}

@MastersThesis{cessna_model,
  Title                    = {{Design and Construction of a 1/3-Scale, 1985 Cessna 172P Flight-Test Aircraft}},
  Author                   = {Michael J. Hinton},
  School                   = {Embry-Riddle University},
  Year                     = {2001},

  Owner                    = {alber},
  Timestamp                = {2018.07.05}
}

@Conference{vandenhoek,
  Title                    = {{Identification of a Cessna Citation II Model Based on Flight Test Data}},
  Author                   = {van den Hoek, Marlon and de Visser, C.C. and Pool, Daan},
  Booktitle                = {CEAS Specialist Conference on Guidance, Navigation and Control},
  Year                     = {2017},
  Number                   = {4},

  Owner                    = {alber},
  Timestamp                = {2018.09.25}
}

@Book{hsia,
  Title                    = {{System Identification}},
  Author                   = {Hsia, Tien C.},
  Editor                   = {D.C. Heath and Company},
  Publisher                = {Lexington Books},
  Year                     = {1977},

  Owner                    = {alber},
  Timestamp                = {2018.09.29}
}

@Article{iliff_parameter_est,
  Title                    = {{Parameter Estimation for Flight Vehicles}},
  Author                   = {Kenneth W. Iliff},
  Journal                  = {Journal of Guidance},
  Year                     = {1989},

  Month                    = {Sept.-Oct.},
  Number                   = {5},
  Pages                    = {609-622},
  Volume                   = {12},

  Owner                    = {alber},
  Timestamp                = {2018.09.27}
}

@Article{pitch_rate_AoA,
  Title                    = {{Flight-Test Techniques for Quantifying Pitch Rate and Angle-of-Attack Rate Dependencies}},
  Author                   = {Jared A. Grauer, Eugene A. Morelli, and Daniel G. Murri},
  Journal                  = {Journal of Aircraft},
  Year                     = {2017},
  Number                   = {6},
  Pages                    = {2367-2377},
  Volume                   = {54},

  Owner                    = {alber},
  Timestamp                = {2018.10.23}
}

@Article{jategaonkar,
  Title                    = {{Flight Vehicle System Identification: A Time Domain Methodology}},
  Author                   = {Ravindra V. Jategaonkar},
  Journal                  = {Progress in Aeronaunatics and Astronautics},
  Year                     = {2006},

  Month                    = {{}},
  Number                   = {{}},
  Pages                    = {{}},
  Volume                   = {216},

  Owner                    = {alber},
  Timestamp                = {2018.09.29}
}

@Article{klein_ac_parameters,
  Title                    = {{Estimation of Aircraft Aerodynamic Paramters From Flight Data}},
  Author                   = {Vladislav Klein},
  Journal                  = {Progress in Aerospace Sciences},
  Year                     = {1989},
  Number                   = {1},
  Pages                    = {1-77},
  Volume                   = {26},

  Owner                    = {alber},
  Timestamp                = {2018.09.24}
}

@Article{model_structure_determination,
  Title                    = {{Airplane Model Structure Determination from Flight Data}},
  Author                   = {V. Klein and J. G. Batterson and P. C. Murphy},
  Journal                  = {Journal of Aircraft},
  Year                     = {1983},

  Month                    = {May},
  Number                   = {5},
  Pages                    = {469-474},
  Volume                   = {20},

  Owner                    = {alber},
  Timestamp                = {2018.09.24}
}

@TechReport{klein_unsteady,
  Title                    = {Modeling of Aircraft Unsteady Aerodynamic Characteristics: Part 1 - Postulated Models},
  Author                   = {Klein, Vladislav and D. Noderer, Keith},
  Institution              = {NASA},
  Year                     = {1994},
  Month                    = {May},
  Number                   = {109120},
  Type                     = {Technical Memorandum},

  Owner                    = {alber},
  Timestamp                = {2018.09.28}
}

@Book{klein-morelli,
  Title                    = {{Aircraft System Identification: Theory and Practice}},
  Author                   = {Klein, Vladislav and Morelli, Eugene A},
  Publisher                = {American Institute of Aeronautics and Astronautics},
  Year                     = {2006},

  File                     = {:/home/alber/Dropbox/Thesis/Literature Study/Literature Repository/System Identification/Books/Klein - Morelli - Aircraft System Identification Theory and Practice.pdf:PDF}
}

@PhdThesis{laban,
  Title                    = {{Online Aerodynamic Model Identification}},
  Author                   = {M. Laban},
  School                   = {Delft University of Technology},
  Year                     = {1994},

  Owner                    = {alber},
  Timestamp                = {2018.06.17}
}

@TechReport{naca_fw,
  Title                    = {{Development of Tailless and All-Wing Gliders and Airplanes}},
  Author                   = {R. W. E. Lademann},
  Institution              = {National Advisory Committee for Aeronautics},
  Year                     = {1932},
  Number                   = {666},
  Type                     = {Technical Report},

  Owner                    = {alber},
  Timestamp                = {2018.07.01}
}

@TechReport{aerodynamic_id_nn,
  Title                    = {{Aerodynamic identification using neural networks}},
  Author                   = {M. Larson and P. De Raedt and M. Hedlund},
  Institution              = {Linköping University},
  Year                     = {1997},
  Note                     = {Department of Electrical Engineering},
  Number                   = {154-1937},
  Type                     = {LiTH},

  Owner                    = {alber},
  Timestamp                = {2018.09.28}
}

@TechReport{fbw,
  Title                    = {{Fly by Wire}},
  Author                   = {V. Reis Leite},
  Institution              = {Engineering Research: Technical Reports},
  Year                     = {2015},
  Number                   = {6},
  Type                     = {Technical Report},

  Owner                    = {alber},
  Timestamp                = {2018.07.01}
}

@Conference{black_box_models,
  Title                    = {{Black-box Model from Input-output Measurements}},
  Author                   = {Lennart Ljung},
  Booktitle                = {IEEE Instrumentation and Measurement Technology Conference},
  Year                     = {2001},
  Month                    = {May},
  Number                   = {18},
  Publisher                = {IEEE},
  Volume                   = {2},

  Owner                    = {alber},
  Timestamp                = {2018.09.24}
}

@Book{ljung,
  Title                    = {{System Identification: Theory for the user}},
  Author                   = {Ljung, Lennart},
  Publisher                = {Prentice Hall},
  Year                     = {1999},

  File                     = {\:/home/alber/Dropbox/Thesis/Literature Study/Literature Repository/System Identification/Books/Ljung - System Identification: Theory for the user.pdf:PDF}
}

@Conference{chu_damaged,
  Title                    = {{Real Time Damaged Aircraft Model Identification for Reconfiguring Flight Control}},
  Author                   = {T. J. J. Lombaerts and Q. P. Chu and J. A. Mulder. and D. A. Joosten},
  Booktitle                = {AIAA Atmospheric Flight Mechanics Conference and Exhibit},
  Year                     = {2007},
  Month                    = {August},

  Owner                    = {alber},
  Timestamp                = {2018.09.28}
}

@Article{maine_filter_error,
  Title                    = {{Formulation and Implementation of a Practical Algorithm for Parameter Estimation with Process and Measurement Noise}},
  Author                   = {Richard E. Maine and Kenneth W. Iliff},
  Journal                  = {SIAM Journal on Applied Mathematics},
  Year                     = {1981},

  Month                    = {Dec.},
  Number                   = {3},
  Pages                    = {558-579},
  Volume                   = {41},

  Owner                    = {alber},
  Timestamp                = {2018.09.26}
}

@TechReport{maine_iliff_accuracy,
  Title                    = {{The Theory and Practice of Estimating the Accuracy of DYnamic Flight Determined Coefficients}},
  Author                   = {Richard E. Maine and Kenneth W. Iliff},
  Institution              = {NASA},
  Year                     = {1981},
  Month                    = {July},
  Number                   = {1077},
  Type                     = {NASA Reference Publication},

  Owner                    = {alber},
  Timestamp                = {2018.09.29}
}

@Article{martinez,
  Title                    = {{Flying Wings. A New Paradigm for civil aviation}},
  Author                   = {R. Martinez-Val},
  Journal                  = {Acta Polytechnica},
  Year                     = {2007},
  Number                   = {1},
  Pages                    = {32-43},
  Volume                   = {47},

  Owner                    = {alber},
  Timestamp                = {2018.06.30}
}

@Book{meseguer,
  Title                    = {{Aerodin{\'a}mica B{\'a}sica}},
  Author                   = {Jos{\'e} {Meseguer Ruiz} and {\'A}ngel {Sanz Andr{\'e}s}},
  Editor                   = {Garceta Grupo Editorial},
  Publisher                = {Garceta Grupo Editorial},
  Year                     = {2010},

  Owner                    = {alber},
  Timestamp                = {2018.02.28}
}

@Article{rao,
  Title                    = {{Conditions for Optimality and Validity of Simple Least Squares Theory}},
  Author                   = {Sujit Kumar Mithra and C. Radhakhrisna Rao},
  Journal                  = {The Annals of Mathematical Statistics},
  Year                     = {1969},

  Month                    = {Oct.},
  Number                   = {5},
  Pages                    = {1617-1624},
  Volume                   = {40},

  Owner                    = {alber},
  Timestamp                = {2018.09.28}
}

@Book{montgomery,
  Title                    = {{Introduction to Linear Regression Analysis}},
  Author                   = {Douglas C. Montgomery and Elizabeth A. Peck and G. Geoffrey Vining},
  Publisher                = {Wiley},
  Year                     = {2012},
  Edition                  = {Fifth},
  Series                   = {Wiley Series in Probability and Statistics},

  Owner                    = {alber},
  Timestamp                = {2018.09.30}
}

@Conference{morelli_equation_error,
  Title                    = {{Practical aspects of the Equation-Error Method for Aircraft Parameter Estimation}},
  Author                   = {Eugene A Morelli},
  Booktitle                = {AIAA Atmospheric Flight Mechanics Conference and Exhibit},
  Year                     = {2006},
  Month                    = {August},
  Organization             = {American Institute of Aeronautics and Astronautics},

  Owner                    = {alber},
  Timestamp                = {2018.10.01}
}

@Article{multivariate_orthogonal_functions,
  Title                    = {{Global Nonlinear Aerodynamic Model Using Multivariate Orthogonal Functions}},
  Author                   = {Eugene A. Morelli},
  Journal                  = {Journal of Aircraft},
  Year                     = {1995},

  Month                    = {March-April},
  Number                   = {2},
  Pages                    = {270-277},
  Volume                   = {32},

  Owner                    = {alber},
  Timestamp                = {2018.09.24}
}

@PhdThesis{mulder_phd,
  Title                    = {{Design and Evaluation of dynamic flight test manoeuvres}},
  Author                   = {Mulder, J. A.},
  School                   = {Delft University of Technology},
  Year                     = {1986},
  Month                    = {October},

  Institution              = {Delft University of Technology},
  Number                   = {LR-497},
  Owner                    = {alber},
  Timestamp                = {2018.09.25}
}

@Article{mulder_path_reconstruction,
  Title                    = {{Non-linear aircraft flight path reconstruction review and new advances}},
  Author                   = {J. A. Mulder and Q. P. Chu and J. K. Sridhar and J. H. Breeman and M. Laban},
  Journal                  = {Progress in Aerospace Sciences},
  Year                     = {1999},
  Pages                    = {673-726},
  Volume                   = {35},

  Owner                    = {alber},
  Timestamp                = {2018.06.18}
}

@Conference{eurofighter_validation,
  Title                    = {{Aerodynamic Model Validation of Eurofighter Aircraft}},
  Author                   = {E. Özger},
  Booktitle                = {AIAA Atmospheric Flight Mechanics Conference and Exhibit},
  Year                     = {2007},
  Month                    = {August},

  Owner                    = {alber},
  Timestamp                = {2018.09.28}
}

@TechReport{murphy,
  Title                    = {{A Methodology for Airplane Parameter Estimation and Confidence Interval Determination in Nonlinear Estimation Problems}},
  Author                   = {{Patrick C. Murphy}},
  Institution              = {NASA},
  Year                     = {1986},
  Month                    = {April},
  Number                   = {1153},
  Type                     = {NASA Reference Publication},

  Owner                    = {alber},
  Timestamp                = {2018.09.29}
}

@Article{LS_errors_petrolini,
  Title                    = {{Linear least squares fit when both variables are affected by equal uncorrelated errors}},
  Author                   = {Alessandro Petrolini},
  Journal                  = {American Journal of Physics},
  Year                     = {2014},

  Month                    = {December},
  Number                   = {12},
  Pages                    = {1178-1185},
  Volume                   = {82},

  Owner                    = {alber},
  Timestamp                = {2018.10.01}
}

@InProceedings{aero_coeffs_nn,
  Title                    = {{Prediction of aerodynamic coefficients for wind tunnel data using a generic algorithm optimized neural network}},
  Author                   = {T. Rajkumar and C. Aragon and J. Bardina and R. Britten},
  Booktitle                = {FLAIRS},
  Year                     = {2002},
  Organization             = {American Association for Artificial Intelligence},

  Owner                    = {alber},
  Timestamp                = {2018.09.28}
}

@Book{rao_book,
  Title                    = {{Linear Statistical Interference and its Applications}},
  Author                   = {C. Radhakhrisna Rao},
  Publisher                = {WIley},
  Year                     = {1973},
  Edition                  = {Second},
  Series                   = {WIley Series in Probability and Statistics},

  Owner                    = {alber},
  Timestamp                = {2018.09.29}
}

@TechReport{maine_dynamic_sys,
  Title                    = {{Identification of Dynamic Systems}},
  Author                   = {{Richard E. Maine}},
  Institution              = {NASA},
  Year                     = {1985},
  Month                    = {February},
  Number                   = {1138},
  Type                     = {NASA Reference Publication},

  Owner                    = {alber},
  Timestamp                = {2018.09.29}
}

@MastersThesis{vanderschaft,
  Title                    = {{Development, Model Generation and Analysis of a Flying V Structure Concept}},
  Author                   = {L. A. van der Schaft},
  School                   = {Delft University of Technology},
  Year                     = {2017},

  Owner                    = {alber},
  Timestamp                = {2018.06.30}
}

@Book{schweppe,
  Title                    = {{Uncertain Dynamic Systems}},
  Author                   = {Fred C. Schweppe},
  Editor                   = {University of Michigan},
  Publisher                = {Prentice Hall},
  Year                     = {1973},

  Owner                    = {alber},
  Timestamp                = {2018.09.24}
}

@Article{stone,
  Title                    = {{Applications of the Theory of Boolean Rings to General Topology}},
  Author                   = {M.H. Stone},
  Journal                  = {Transactions of the American Mathematical Society},
  Year                     = {1937},

  Month                    = {May},
  Number                   = {3},
  Pages                    = {375-481},
  Volume                   = {41},

  Owner                    = {alber},
  Timestamp                = {2018.10.14}
}

@MastersThesis{thesis_fw,
  Title                    = {{Development of a Flight Dynamics Model of a Flying Wing Configuration}},
  Author                   = {Jacopo Tonti},
  School                   = {Sapienza - Università di Roma},
  Year                     = {2014},

  Owner                    = {alber},
  Timestamp                = {2018.06.30}
}

@Book{torenbeek,
  Title                    = {{Synthesis of Subsonic Airplane Design}},
  Author                   = {Egbert Torenbeek},
  Editor                   = {Delft University Press},
  Publisher                = {Martinus Nijhoff Publishers},
  Year                     = {1982},

  Owner                    = {alber},
  Timestamp                = {2018.02.26}
}

@Conference{torenbeek_fw,
  Title                    = {{Blended Wing Body and All-Wing Airliners}},
  Author                   = {Egbert Torenbeek},
  Booktitle                = {{European Workshop on Aircraft Design Education (EWADE)}},
  Year                     = {2007},

  Owner                    = {alber},
  Timestamp                = {2018.06.30}
}

@Conference{cessna_paper,
  Title                    = {{A Multidimensional Spline Based Global Nonlinear Aerodynamic Model for the Cessna Citation II}},
  Author                   = {de Visser, C. C. and Mulder, J. A. and Chu, Q. P.},
  Booktitle                = {AIAA Atmospheric Flight Mechanics Conference},
  Year                     = {2010},
  Month                    = {August},
  Publisher                = {American Institute of Aeronautics and Astronautics},

  Owner                    = {alber},
  Timestamp                = {2018.09.25}
}

@Book{vos,
  Title                    = {{Introduction to Transonic Aerodynamics}},
  Author                   = {Roelof Vos and Saeed Farokhi},
  Editor                   = {Springer},
  Publisher                = {Springer},
  Year                     = {2015},
  Number                   = {110},
  Series                   = {Fluid Mechanics and its Applications},

  Owner                    = {alber},
  Timestamp                = {2018.03.13}
}

@Conference{vos_fuselage,
  Title                    = {{A New Structural Design Concept for Blended Wing Body Cabins}},
  Author                   = {R. Vos and F. J. J. M. M. Geuskens and M. F. M. Hoogreef},
  Booktitle                = {{AIAA/ASME/ASCE/AHS/ASC Structures, Structural Dynamics and Materials Conference}},
  Year                     = {2012},
  Number                   = {53},
  Publisher                = {American Institute of Aeronautics and Astronautics},

  Owner                    = {alber},
  Timestamp                = {2018.06.30}
}

@TechReport{two_element_airfoil,
  Title                    = {{Pressure distrbution over an N.A.C.A. 23012 Airfoil with an N.A.C.A. 23012 external-airfoil flap}},
  Author                   = {Carl J. Wenzinger},
  Institution              = {National Advisory Committee for Aeronautics},
  Year                     = {1937},
  Month                    = {July},
  Number                   = {614},

  Owner                    = {alber},
  School                   = {Texas A\&M University},
  Timestamp                = {2018.02.26}
}

@TechReport{wolowicz,
  Title                    = {{Similitude Requirements and Scaling Relationships as Applied to Model Testing}},
  Author                   = {Wolowicz, C. H. and Bowman, Jr. and J. S., Gilbert, W. P.},
  Institution              = {National Aeronautics and Space Administration},
  Year                     = {1979},
  Number                   = {1435},
  Type                     = {Technical Report},

  File                     = {:/home/alber/Dropbox/Thesis/Literature Study/Literature Repository/Flight Testing/NASA/NASA - Similitude Requirements and Scaling Relationships.pdf:PDF}
}

